@book{korte_vygen_2008, place={Berlin}, edition={4}, title={Combinatorial Optimization Theory and Algorithms}, publisher={Springer}, author={Korte, Bernhard and Vygen, Jens .}, year={2008}}
@misc{oracle, title={Oracle machine}, url={https://en.wikipedia.org/wiki/Oracle_machine}, journal={Wikipedia}, publisher={Wikimedia Foundation}, year={2020}, month={May}}  